<record><leader>01379cam a2200361   4500</leader><controlfield tag="001">000007559</controlfield><controlfield tag="003">MiAaHDL</controlfield><controlfield tag="005">20180523000000.0</controlfield><controlfield tag="006">m        d        </controlfield><controlfield tag="007">cr bn ---auaua</controlfield><controlfield tag="008">681114s1964    dcu          f000 0 eng  </controlfield><datafield tag="010" ind1=" " ind2=" "><subfield code="a">   63060093</subfield></datafield><datafield tag="016" ind1="7" ind2=" "><subfield code="a">0157641</subfield><subfield code="2">DNLM</subfield></datafield><datafield tag="035" ind1=" " ind2=" "><subfield code="a">sdr-pst.a7520231</subfield></datafield><datafield tag="035" ind1=" " ind2=" "><subfield code="a">(OCoLC)557749</subfield></datafield><datafield tag="040" ind1=" " ind2=" "><subfield code="a">NLM</subfield><subfield code="c">NLM</subfield><subfield code="d">DXU</subfield><subfield code="d">COH</subfield><subfield code="d">SER</subfield><subfield code="d">MNU</subfield><subfield code="d">COD</subfield><subfield code="d">UtOrBLW</subfield></datafield><datafield tag="050" ind1="0" ind2="4"><subfield code="a">QC100</subfield><subfield code="b">.U565 no. 92</subfield></datafield><datafield tag="060" ind1="0" ind2="0"><subfield code="a">WN 650</subfield><subfield code="b">N278s 1964</subfield></datafield><datafield tag="082" ind1="0" ind2=" "><subfield code="a">614.715</subfield></datafield><datafield tag="086" ind1="0" ind2=" "><subfield code="a">C 13.11:92</subfield></datafield><datafield tag="110" ind1="2" ind2=" "><subfield code="a">National Committee on Radiation Protection and Measurements (U.S.)</subfield></datafield><datafield tag="245" ind1="1" ind2="0"><subfield code="a">Safe handling of radioactive materials :</subfield><subfield code="b">recommendations of the National Committee on Radiation Protection and Measurements.</subfield></datafield><datafield tag="264" ind1=" " ind2="2"><subfield code="a">Washington :</subfield><subfield code="b">For sale by the Supt. of Docs., U. S. Govt. Print. Off,</subfield><subfield code="c">1964.</subfield></datafield><datafield tag="300" ind1=" " ind2=" "><subfield code="a">ix, 107 pages :</subfield><subfield code="b">illustrations.</subfield></datafield><datafield tag="336" ind1=" " ind2=" "><subfield code="a">text</subfield><subfield code="b">txt</subfield><subfield code="2">rdacontent</subfield></datafield><datafield tag="337" ind1=" " ind2=" "><subfield code="a">unmediated</subfield><subfield code="b">n</subfield><subfield code="2">rdamedia</subfield></datafield><datafield tag="338" ind1=" " ind2=" "><subfield code="a">volume</subfield><subfield code="b">nc</subfield><subfield code="2">rdacarrier</subfield></datafield><datafield tag="490" ind1="0" ind2=" "><subfield code="a">National Bureau of Standards handbook ;</subfield><subfield code="v">92</subfield></datafield><datafield tag="490" ind1="0" ind2=" "><subfield code="a">NCRP report ;</subfield><subfield code="v">no. 30</subfield></datafield><datafield tag="500" ind1=" " ind2=" "><subfield code="a">Supersedes Handbook 42 with title: Safe handling of radioactive isotopes.</subfield></datafield><datafield tag="538" ind1=" " ind2=" "><subfield code="a">Mode of access: Internet.</subfield></datafield><datafield tag="650" ind1=" " ind2="0"><subfield code="a">Radioisotopes</subfield><subfield code="x">Safety measures.</subfield></datafield><datafield tag="650" ind1=" " ind2="0"><subfield code="a">Radioactivity</subfield><subfield code="x">Safety measures.</subfield></datafield><datafield tag="650" ind1=" " ind2="2"><subfield code="a">Radiation Protection.</subfield></datafield><datafield tag="CID" ind1=" " ind2=" "><subfield code="a">000007559</subfield></datafield><datafield tag="DAT" ind1="0" ind2=" "><subfield code="a">20160707142334.0</subfield><subfield code="b">20180523000000.0</subfield></datafield><datafield tag="DAT" ind1="1" ind2=" "><subfield code="a">20180523091354.0</subfield><subfield code="b">2022-04-15T17:40:20Z</subfield></datafield><datafield tag="CAT" ind1=" " ind2=" "><subfield code="a">SDR-PST</subfield><subfield code="d">UNKNOWN</subfield><subfield code="l">prepare.pl-004-007</subfield></datafield><datafield tag="FMT" ind1=" " ind2=" "><subfield code="a">BK</subfield></datafield><datafield tag="HOL" ind1=" " ind2=" "><subfield code="0">sdr-pst.a7520231</subfield><subfield code="a">pst</subfield><subfield code="b">SDR</subfield><subfield code="c">PST</subfield><subfield code="p">pst.000071842134</subfield><subfield code="s">PST</subfield><subfield code="1">a7520231</subfield></datafield><datafield tag="974" ind1=" " ind2=" "><subfield code="b">PST</subfield><subfield code="c">PST</subfield><subfield code="d">20220415</subfield><subfield code="s">google</subfield><subfield code="u">pst.000071842134</subfield><subfield code="y">1964</subfield><subfield code="r">pd</subfield><subfield code="q">bib</subfield><subfield code="t">US fed doc</subfield></datafield></record>